%% This BibTeX bibliography file was created using BibDesk.
%% http://bibdesk.sourceforge.net/


%% Created for Ernesto Costa at 2006-07-18 10:28:00 +0100 


%% Saved with string encoding Unicode (UTF-8) 

@BOOK{Brownlee2011,
  title = {Clever Algorithms: nature-inspired programming recipes},
  publisher = {Lulu Enterprises},
  year = {2011},
  author = {Jason Brownlee},
  owner = {ernestojfcosta},
  timestamp = {2013.01.23}
}

@BOOK{Castro2006,
  title = {Fundamentals of Natural Computing},
  publisher = {Chapman \& Hall},
  year = {2006},
  author = {Leandro Nunes de Castro},
  owner = {ernestojfcosta},
  timestamp = {2013.01.23}
}

@BOOK{Floreano2008,
  title = {Bio-Inspired Artificial intelligence: theories, methods, and technologies},
  publisher = {MIT Press},
  year = {2008},
  author = {Dario Floreano and Claudio Mattiussi},
  owner = {ernestojfcosta},
  timestamp = {2013.01.23}
}

@BOOK{Yang2010,
  title = {Nature-Inspired Metaheuristics Algorithms},
  publisher = {Luniver Press},
  year = {2010},
  author = {Xin-She Yang},
  owner = {ernestojfcosta},
  timestamp = {2013.01.23}
}


@book{jacob2001,
	Date-Added = {2010-02-16 15:33:16 +0000},
	Date-Modified = {2010-02-16 15:34:21 +0000},
	Keywords = {Aulas-CE},
	Publisher = {Morgan Kaufmann},
	Rating = {3},
	Title = {Illustrating Evolutionary Computation with Mathematica},
	Year = {2001}}

@book{michalewicz1999,
	Author = {Zbigniew Michalewicz},
	Date-Added = {2010-02-16 15:31:29 +0000},
	Date-Modified = {2010-02-16 15:33:09 +0000},
	Keywords = {Aulas-CE},
	Publisher = {Springer},
	Rating = {4},
	Title = {Genetic Algorithms + Data Structures = Evolution Programs},
	Year = {1999}}



@book{flake1999,
	Author = {Gary William Flake},
	Date-Added = {2010-02-16 15:28:13 +0000},
	Date-Modified = {2010-02-16 15:29:29 +0000},
	Keywords = {Aulas-CE},
	Publisher = {MIT Press},
	Rating = {4},
	Title = {The computational beauty of nature},
	Year = {1999}}

@book{FM2008,
	Author = {Dario Floreano and Claudio Mattiussi},
	Date-Added = {2010-02-16 15:26:37 +0000},
	Date-Modified = {2010-02-16 15:28:01 +0000},
	Keywords = {Aulas-CE},
	Publisher = {MIT Press},
	Rating = {5},
	Title = {Bio-Inspired Artificial Intelligence},
	Year = {2008}}

@book{ES2003,
	Author = {A.B. Eiben and J.E. Smith},
	Date-Added = {2010-02-16 15:22:31 +0000},
	Date-Modified = {2010-02-16 15:27:19 +0000},
	Keywords = {Aulas-CE},
	Publisher = {Springer},
	Rating = {4},
	Title = {Introduction to Evolutionary Computation},
	Year = {2003}}


@book{castro2002,
	Author = {Leandro N. de Castro 
 Jonathan Timmis},
	Publisher = {Springer-Verlag},
	Title = {Artificial Immune Systems: a new computational inttelligence approach},
	Year = {2002}}

@book{eiben2003,
	Author = {A. E. Eiben
 J. E. Smith},
	Publisher = {Springer-Verlag},
	Title = {Introduction to Evolutionary Computation},
	Year = {2003}}

@book{Harold2001,
	Author = {Franklin Harold},
	Date-Added = {2011-06-02 18:23:45 +0100},
	Date-Modified = {2011-06-02 18:24:30 +0100},
	Publisher = {Oxford University Press},
	Title = {Thev way of the cell},
	Year = {2001}}

@book{koza1992,
	Author = {John Koza},
	Publisher = {MIT Press},
	Title = {Genetic Programming: on the programming of computers by means of natural selection},
	Year = {1992}}

@book{micha1999,
	Author = {Zbigniew Michaelewicz},
	Publisher = {Springer-Verlag},
	Title = {Genetic Algorithms = Data Structures + Evolution Programs},
	Year = {1999}}

@book{poli2002,
	Author = {Wiliam B. Langdon
 Ricardo Poli},
	Publisher = {Springer-Verlag},
	Title = {Foundations of Genetic Programming},
	Year = {2002}}




@ARTICLE{Johnson2009,
  author = {Colin G. Johnson},
  title = {Teaching Natural Computation},
  journal = {IEEE Computational Intelligence Magazine},
  year = {2009},
  volume = {4},
  pages = {24-30},
  number = {1},
  owner = {ernestojfcosta},
  timestamp = {2013.01.23}
}

@ARTICLE{Nguyen2012,
  author = {Trung Than Nguyen and Shengxiang Yang and Juergen Branke},
  title = {Evolutionary Dynamic optimizetion: a survey of the state of the art},
  journal = {Swarm and Evolutionary Computation},
  year = {2012},
  volume = {6},
  pages = {1-24},
  owner = {ernestojfcosta},
  timestamp = {2013.01.23}
}



@url{tsp,
	Date-Added = {2010-02-16 15:58:16 +0000},
	Date-Modified = {2010-02-16 15:58:16 +0000},
	Keywords = {Aulas-CE,url-ce},
	Lastchecked = {16 de Fevereiro 2010},
	Read = {Yes},
	Title = {The traveling saleman problem},
	Urldate = {http://www.tsp.gatech.edu/}}




@techreport{dejong2000,
Author = {Hidde de Jong},
Date-Added = {2011-06-02 18:25:22 +0100},
Date-Modified = {2011-06-02 18:28:08 +0100},
Institution = {INRIA},
Number = {4032},
Title = {Modeling and simulation of genetic regulatory systems: a litterature review},
Year = {2000}}



@inbook{GC2008,
	Author = {{\^A}ngela Gon{\c c}alves and Ernesto Costa},
	Chapter = {12},
	Date-Added = {2011-06-02 18:21:34 +0100},
	Date-Modified = {2011-06-02 18:23:34 +0100},
	Editor = {Sanjoy Das},
	Publisher = {Handbook Research},
	Title = {A model for an heterogeneous gene regulatory network},
	Year = {2008}}

@book{kennedy2001,
	Author = {James Kennedy and Russell Eberhart},
	Date-Added = {2011-04-24 10:56:41 +0100},
	Date-Modified = {2011-04-24 10:57:53 +0100},
	Publisher = {Morgan Kaufmann},
	Title = {Swarm Intelligence},
	Year = {2001}}

@book{bartz2006,
	Author = {Thomas Bartz-Beielstein},
	Date-Added = {2011-04-04 11:36:21 +0100},
	Date-Modified = {2011-04-04 11:37:38 +0100},
	Publisher = {Springer},
	Title = {Experimental rtesearch in evolutionary computation: the new experimentalism},
	Year = {2006}}

@book{moore2003,
	Author = {David Moore and George McCabe},
	Date-Added = {2011-04-04 11:28:44 +0100},
	Date-Modified = {2011-04-04 11:32:14 +0100},
	Edition = {4th},
	Keywords = {Aulas-CE},
	Publisher = {Freeman},
	Title = {Inbtroduction to the practicew of statistics},
	Year = {2003}}

@book{angra2003,
	Author = {Andy Field and Graham Hole},
	Date-Added = {2011-04-04 10:49:59 +0100},
	Date-Modified = {2011-04-04 10:51:47 +0100},
	Keywords = {Aulas-CE},
	Publisher = {SAGE},
	Title = {How to design and report experiments},
	Year = {2003}}

@book{field2009,
	Author = {Andy Field},
	Date-Added = {2010-06-13 17:14:19 +0100},
	Date-Modified = {2010-06-13 17:36:31 +0100},
	Edition = {3rd},
	Keywords = {Aulas-CE},
	Publisher = {SAGE},
	Title = {Discovering statistics using SPSS},
	Year = {2009}}
	
@book{jacob2001,
	Date-Added = {2010-02-16 15:33:16 +0000},
	Date-Modified = {2010-02-16 15:34:21 +0000},
	Keywords = {Aulas-CE},
	Publisher = {Morgan Kaufmann},
	Rating = {3},
	Title = {Illustrating Evolutionary Computation with Mathematica},
	Year = {2001}}

@book{michalewicz1999,
	Author = {Zbigniew Michalewicz},
	Date-Added = {2010-02-16 15:31:29 +0000},
	Date-Modified = {2010-02-16 15:33:09 +0000},
	Keywords = {Aulas-CE},
	Publisher = {Springer},
	Rating = {4},
	Title = {Genetic Algorithms + Data Structures = Evolution Programs},
	Year = {1999}}

@book{leandro2006,
	Author = {Leandro Nunes de Castro},
	Date-Added = {2010-02-16 15:29:37 +0000},
	Date-Modified = {2010-02-16 15:30:33 +0000},
	Keywords = {Aulas-CE},
	Publisher = {Chapman and Hall},
	Rating = {3},
	Title = {Fundametnals of Natural Computing},
	Year = {2006}}

@book{flake1999,
	Author = {Gary William Flake},
	Date-Added = {2010-02-16 15:28:13 +0000},
	Date-Modified = {2010-02-16 15:29:29 +0000},
	Keywords = {Aulas-CE},
	Publisher = {MIT Press},
	Rating = {4},
	Title = {The computational beauty of nature},
	Year = {1999}}

@book{FM2008,
	Author = {Dario Floreano and Claudio Mattiussi},
	Date-Added = {2010-02-16 15:26:37 +0000},
	Date-Modified = {2010-02-16 15:28:01 +0000},
	Keywords = {Aulas-CE},
	Publisher = {MIT Press},
	Rating = {5},
	Title = {Bio-Inspired Artificial Intelligence},
	Year = {2008}}

@book{ES2003,
	Author = {A.B. Eiben and J.E. Smith},
	Date-Added = {2010-02-16 15:22:31 +0000},
	Date-Modified = {2010-02-16 15:27:19 +0000},
	Keywords = {Aulas-CE},
	Publisher = {Springer},
	Rating = {4},
	Title = {Introduction to Evolutionary Computation},
	Year = {2003}}



@book{costa2004,
	Author = {Ernesto Costa
 Anabela Sim{\~o}es},
	Publisher = {FCA},
	Title = {Intelig{\^e}ncia Artificial: fundamentos e aplica{\c c}{\~o}es},
	Year = {2004}}

@book{fogel2003,
	Author = {Gary B. Fogel
 David W. Corne},
	Publisher = {Morgan Kaufmann},
	Title = {Evolutionary Computation in Bioinformatics},
	Year = {2003}}

@url{tsp,
	Date-Added = {2010-02-16 15:58:16 +0000},
	Date-Modified = {2010-02-16 15:58:16 +0000},
	Keywords = {Aulas-CE,url-ce},
	Lastchecked = {16 de Fevereiro 2010},
	Read = {Yes},
	Title = {The traveling saleman problem},
	Urldate = {http://www.tsp.gatech.edu/}}



@article{fogel1962,
	Author = {Lawrence Fogel},
	Journal = {Industr. Research},
	Pages = {14-19},
	Title = {Autonomous Automata},
	Volume = {4},
	Year = {1962}}

@article{holland1962,
	Author = {John Holland},
	Journal = {Journal of ACM},
	Pages = {297-314},
	Title = {Outline for a logical theory of adaptive systems},
	Volume = {3},
	Year = {1962}}

@techreport{rech1965,
	Author = {Ingo Rechenberg},
	Institution = {Royal Aircraft Establishement Library},
	Number = {1122},
	Title = {Cybernetic solution path of an experimental problem},
	Type = {Translation},
	Year = {1965}}

@phdthesis{schwefel1965,
	Author = {Hans-Paul Schwefel},
	School = {Technische Universitat Berlin},
	Title = {Kybernetische Evolution als Strategie der Experimentellen Forsching in der Stromunggstechnik},
	Type = {Diplomarbeit},
	Year = {1965}}

