%% This BibTeX bibliography file was created using BibDesk.
%% http://bibdesk.sourceforge.net/


%% Created for Ernesto Costa at 2006-07-18 10:28:00 +0100 


%% Saved with string encoding Unicode (UTF-8) 

@BOOK{Castro2006,
  title = {Fundamentals of Natural Computing},
  publisher = {Chapman \& Hall},
  year = {2006},
  author = {Leandro Nunes de Castro},
  owner = {ernestojfcosta},
  timestamp = {2013.01.23}
}

@BOOK{Brownlee2011,
  title = {Clever Algorithms: nature-inspired programming recipes},
  publisher = {Author Edition},
  year = {2011},
  author = {Jason Brownlee,
  owner = {ernestojfcosta},
  timestamp = {2013.01.23}
}


@BOOK{Brabazon2015,
  title = {Natural Computing Algorithms},
  publisher = {Springer},
  year = {2015},
  author = {Anthony Brabazon and Michael O'Neill and Sean McGarraghy},
  owner = {ernestojfcosta},
  timestamp = {2013.01.23}
}
@BOOK{Floreano2008,
  title = {Bio-Inspired Artificial intelligence: theories, methods, and technologies},
  publisher = {MIT Press},
  year = {2008},
  author = {Dario Floreano and Claudio Mattiussi},
  owner = {ernestojfcosta},
  timestamp = {2013.01.23}
}

@BOOK{Luke2013,
  title = {Essentials of Metaheuristics (Online version 2.0)},
  publisher = {Lulu Press},
  year = {2013},
  author = {Sean Luke},
  owner = {ernestojfcosta},
  timestamp = {2013.01.23}
}

@book{flake1999,
	Author = {Gary William Flake},
	Date-Added = {2010-02-16 15:28:13 +0000},
	Date-Modified = {2010-02-16 15:29:29 +0000},
	Keywords = {Aulas-CE},
	Publisher = {MIT Press},
	Rating = {4},
	Title = {The computational beauty of nature},
	Year = {1999}}

@book{castro2002,
	Author = {Leandro N. de Castro  Jonathan Timmis},
	Publisher = {Springer-Verlag},
	Title = {Artificial Immune Systems: a new computational intelligence approach},
	Year = {2002}}

@book{eiben2003,
	Author = {A. E. Eiben J. E. Smith},
	Publisher = {Springer-Verlag},
	Title = {Introduction to Evolutionary Computation (2nd Edition)},
	Year = {2015}}

@book{costa2004,
	Author = {Ernesto Costa Anabela Sim{\~o}es},
	Publisher = {FCA},
	Title = {Intelig{\^e}ncia Artificial: fundamentos e aplica{\c c}{\~o}es},
	Year = {2004}}

@book{fogel2003,
	Author = {Gary B. Fogel David W. Corne},
	Publisher = {Morgan Kaufmann},
	Title = {Evolutionary Computation in Bioinformatics},
	Year = {2003}}

@article{fogel1962,
	Author = {Lawrence Fogel},
	Journal = {Industr. Research},
	Pages = {14-19},
	Title = {Autonomous Automata},
	Volume = {4},
	Year = {1962}}

@article{holland1962,
	Author = {John Holland},
	Journal = {Journal of ACM},
	Pages = {297-314},
	Title = {Outline for a logical theory of adaptive systems},
	Volume = {3},
	Year = {1962}}

@techreport{rech1965,
	Author = {Ingo Rechenberg},
	Institution = {Royal Aircraft Establishement Library},
	Number = {1122},
	Title = {Cybernetic solution path of an experimental problem},
	Type = {Translation},
	Year = {1965}}

@phdthesis{schwefel1965,
	Author = {Hans-Paul Schwefel},
	School = {Technische Universitat Berlin},
	Title = {Kybernetische Evolution als Strategie der Experimentellen Forsching in der Stromunggstechnik},
	Type = {Diplomarbeit},
	Year = {1965}}

@book{koza1992,
	Author = {John Koza},
	Publisher = {MIT Press},
	Title = {Genetic Programming: on the programming of computers by means of natural selection},
	Year = {1992}}

@book{micha1999,
	Author = {Zbigniew Michaelewicz},
	Publisher = {Springer-Verlag},
	Title = {Genetic Algorithms = Data Structures + Evolution Programs},
	Year = {1999}}

@book{poli2002,
	Author = {Wiliam B. Langdon Ricardo Poli},
	Publisher = {Springer-Verlag},
	Title = {Foundations of Genetic Programming},
	Year = {2002}}
